@inproceedings{chuong2017identification,
  title={Identification and Dynamic Matrix Control algorithm for a heating process},
  author={Chuong, Vo Lam and Vu, Truong Nguyen Luan},
  booktitle={2017 International Conference on System Science and Engineering (ICSSE)},
  pages={642--645},
  year={2017},
  organization={IEEE}
}

@article{han2009pid,
  title={From PID to active disturbance rejection control},
  author={Han, Jingqing},
  journal={IEEE transactions on Industrial Electronics},
  volume={56},
  number={3},
  pages={900--906},
  year={2009},
  publisher={IEEE}
}

@inproceedings{laszczyk2013comparison,
  title={Comparison of DMC and PFC control for heating process},
  author={Laszczyk, Piotr and Klopot, Tomasz and Pyka, Dominika},
  booktitle={2013 18th International Conference on Methods \& Models in Automation \& Robotics (MMAR)},
  pages={317--322},
  year={2013},
  organization={IEEE}
}

@article{knospe2006pid,
  title={PID control},
  author={Knospe, Carl},
  journal={IEEE Control Systems Magazine},
  volume={26},
  number={1},
  pages={30--31},
  year={2006},
  publisher={IEEE}
}

@incollection{sun2012pulse,
  title={Pulse-width modulation},
  author={Sun, Jian},
  booktitle={Dynamics and Control of Switched Electronic Systems: Advanced perspectives for modeling, simulation and control of power converters},
  pages={25--61},
  year={2012},
  publisher={Springer}
}

@book{berger2013automating,
  title={Automating with simatic s7-1200: Configuring, programming and testing with step 7 basic},
  author={Berger, Hans},
  year={2013},
  publisher={John Wiley \& Sons}
}

@article{ziegler1942optimum,
  title={Optimum settings for automatic controllers},
  author={Ziegler, John G and Nichols, Nathaniel B},
  journal={Transactions of the American society of mechanical engineers},
  volume={64},
  number={8},
  pages={759--765},
  year={1942},
  publisher={American Society of Mechanical Engineers}
}

@article{cohen1953theoretical,
  title={Theoretical consideration of retarded control},
  author={Cohen, GHp and Coon, GA},
  journal={Transactions of the American Society of Mechanical Engineers},
  volume={75},
  number={5},
  pages={827--834},
  year={1953},
  publisher={American Society of Mechanical Engineers}
}

@article{soni2013bf,
  title={BF-PSO optimized PID controller design using ISE, IAE, IATE and MSE error criteria},
  author={Soni, Yogendra Kumar and Bhatt, Rajesh},
  journal={International Journal of Advanced Research in Computer Engineering \& Technology (IJARCET)},
  volume={2},
  number={7},
  pages={2333--2336},
  year={2013}
}
 
% zrodlo internetowe
@online{egniazdka,
  author={Egniazdka},
  title={Obrazy grzałek, ze sklepu internetowego egniazdka.pl},
  year={2024},
  url={https://www.egniazdka.pl/},
  urldate={12.01.2024}
}

@online{intmax,
  author={INTMAX},
  title={Obrazy połączeń grzałek, z blogu internetowego intmax.co},
  year={2024},
  url={https://intmax.co/pl/blog-pl/opcje-podlaczenia-grzalek-elektrycznych-do-zrodla-zasilania/},
  urldate={12.01.2024}
}

@online{autonics,
  author={Autonics},
  title={Obraz przekaźnika SSR, ze strony producenta},
  year={2024},
  url={https://www.autonics.com/main},
  urldate={12.01.2024}
}

@online{blogplc,
  author={Programowanie PLC},
  title={Przykładowy przebieg timera TON, z blogu Programowanie PLC},
  year={2024},
  url={http://s7-scl.pl/funkcje-czasowe-odmierzanie/},
  urldate={12.01.2024}
}

@online{siemens,
  author={SIEMENS},
  title={Obrazy urządzeń SIEMENS, ze strony producenta},
  year={2024},
  url={https://www.siemens.com/pl/pl.html},
  urldate={12.01.2024}
}

@online{ifm,
  author={IFM},
  title={Obrazy urządzeń IFM, ze strony producenta},
  year={2024},
  url={https://www.ifm.com/pl/pl},
  urldate={12.01.2024}
}